<?xml version="1.0" encoding="UTF-8"?><collection xmlns="http://www.loc.gov/MARC21/slim"><record><leader>00499nam--2200169-i-4500</leader><controlfield tag="001">000015424</controlfield><controlfield tag="002">20161230</controlfield><controlfield tag="005">20170302172627</controlfield><controlfield tag="008">060222s1000------------r-----000-0-eng-d</controlfield><datafield ind1=" " ind2=" " tag="100"><subfield code="a">Borel, Armand</subfield></datafield><datafield ind1=" " ind2=" " tag="245"><subfield code="a">Continuous cohomology, discrete subgroups and representations of reductive groups</subfield></datafield><datafield ind1=" " ind2=" " tag="260"><subfield code="a">Princepton</subfield><subfield code="b">University Press</subfield><subfield code="c">1980</subfield></datafield><datafield ind1=" " ind2=" " tag="300"><subfield code="a">XVII+387 p</subfield></datafield><datafield ind1=" " ind2=" " tag="490"><subfield code="a">Annals Of Mathematics Studies</subfield></datafield><datafield ind1=" " ind2=" " tag="700"><subfield code="a">Wallach, Nolan R</subfield></datafield><datafield ind1=" " ind2=" " tag="852"><subfield code="a">515.142.21</subfield></datafield><datafield ind1=" " ind2=" " tag="CAT"><subfield code="a">SYS</subfield><subfield code="c">20170302</subfield><subfield code="h">172627</subfield></datafield></record></collection>